%
%  An example of a bibliographical database in BibTeX format,
%  which is used by biblatex to create the list of referenced works.
%
%  Academic search engines and software for maintenance of bibliography
%  often supports exporting records in BibTeX format. We recommend:
%
%    - Google Scholar (https://scholar.google.com/)
%    - JabRef (https://www.jabref.org/)
%    - zoterobib (https://zbib.org/)
%
%  BEWARE:
%
%    *  If a name contains a capital letter, which must be kept such,
%       use curly brackets ({T}hailand, {HIV}).
%
%  ===========================================================================


@misc{data_stewards,
	title = {What is a {Data} {Steward}?},
	url = {https://www.ataccama.com/blog/what-is-a-data-steward},
	abstract = {Learn about data stewards, their responsibilities, and the 5 different types of data stewards.},
	language = {en},
	urldate = {2024-05-09},
	journal = {Ataccama},
	author = {{Ataccama}},
}

@misc{datetimeformatter,
	title = {{DateTimeFormatter} ({Java} {Platform} {SE} 8 )},
	url = {https://docs.oracle.com/javase/8/docs/api/java/time/format/DateTimeFormatter.html},
	urldate = {2024-04-28},
}

@misc{one_expressions,
	title = {{ONE} {Expressions} :: {Ataccama} {ONE}},
	url = {https://docs.ataccama.com/one/latest/common-actions/one-expressions.html},
	urldate = {2024-05-07},
}

@misc{great_expectations,
	title = {{Great} {Expectations} {Documentation}},
	url = {https://docs.greatexpectations.io/docs/home/},
	abstract = {Learn everything you need to know about GX Cloud and GX Open Source Software (OSS)},
	language = {en},
	urldate = {2024-05-07},
}


@misc{sodacore,
	title = {Soda {Core}},
	url = {https://docs.soda.io/soda-core/overview-main.html},
	abstract = {Soda Core is an open-source library and CLI tool that enables you to use the Soda Checks Language to turn user-defined input into SQL queries.},
	language = {en-US},
	urldate = {2024-05-07},
	journal = {Soda Documentation},
}

@misc{antlr4docs,
	title = {{AnTLR} {4} {Documentation}},
	url = {https://github.com/antlr/antlr4/blob/master/doc/index.md},
	abstract = {ANTLR (ANother Tool for Language Recognition) is a powerful parser generator for reading, processing, executing, or translating structured text or binary files. - antlr/antlr4},
	language = {en},
	urldate = {2024-05-07},
	journal = {GitHub},
}

@misc{etl,
	title = {Was ist {ETL}? – {Extract} {Transform} {Load} erklärt – {AWS}},
	shorttitle = {Was ist {ETL}?},
	url = {https://aws.amazon.com/de/what-is/etl/},
	abstract = {Finden Sie heraus, was ETL ist und wie Sie Amazon Web Services für ETL verwenden},
	language = {de-DE},
	urldate = {2024-05-09},
	journal = {Amazon Web Services, Inc.},
}


@misc{pytest,
	title = {pytest: helps you write better programs — pytest documentation},
	url = {https://docs.pytest.org/en/8.2.x/},
	urldate = {2024-05-07},
}

@misc{datetime,
	title = {datetime — {Basic} date and time types},
	url = {https://docs.python.org/3/library/datetime.html},
	abstract = {Source code: Lib/datetime.py The datetime module supplies classes for manipulating dates and times. While date and time arithmetic is supported, the focus of the implementation is on efficient attr...},
	language = {en},
	urldate = {2024-05-07},
	journal = {Python documentation},
}

@misc{pythonlambdas,
	title = {6. {Expressions}},
	url = {https://docs.python.org/3/reference/expressions.html},
	abstract = {This chapter explains the meaning of the elements of expressions in Python. Syntax Notes: In this and the following chapters, extended BNF notation will be used to describe syntax, not lexical anal...},
	language = {en},
	urldate = {2024-05-07},
	journal = {Python documentation},
}

@misc{jupyter,
	title = {Project {Jupyter} {Documentation}},
	url = {https://docs.jupyter.org/en/latest/},
	urldate = {2024-05-07},
}

@misc{pytest_fixtures,
	title = {pytest fixtures: explicit, modular, scalable — pytest documentation},
	url = {https://docs.pytest.org/en/6.2.x/fixture.html},
	urldate = {2024-05-07},
}


@misc{ataccama_ONE,
	title = {Ataccama {ONE} {Platform} {Overview}},
	url = {https://www.ataccama.com/platform},
	abstract = {Ataccama ONE unifies Data Governance, Data Quality, and Master Data Management into a single, AI-powered fabric across hybrid and cloud environments.},
	language = {en},
	urldate = {2024-05-08},
	journal = {Ataccama},
	author = {{Ataccama}},
}

@misc{ataccama_gartner,
	title = {Ataccama {Named} a {Leader} in the 2024 {Gartner}® {Magic} {Quadrant}™ for {Augmented} {Data} {Quality} {Solutions}},
	url = {https://www.ataccama.com/news/ataccama-named-a-leader-in-the-2024-gartner-magic-quadrant-for-augmented-data-quality-solutions},
	abstract = {Ataccama, an AI-powered data management company, has been named a Leader in the latest Gartner latest Magic Quadrant for Augmented Data Quality Solutions. Gartner included only 13 data quality solution vendors in the 2024.},
	language = {en},
	urldate = {2024-05-08},
	journal = {Ataccama},
	author = {{Ataccama}},
}


@misc{antlr,
	title = {{ANTLR}},
	url = {https://www.antlr.org/},
	urldate = {2024-05-08},
}

@misc{snowflake,
	title = {Snowflake {Documentation}},
	url = {https://docs.snowflake.com/en/},
	urldate = {2024-05-08},
}

@misc{databricks,
	title = {Databricks documentation},
	url = {https://docs.databricks.com},
	abstract = {How-to guidance and reference information for data analysts, data scientists, and data engineers working in the Databricks Data Science \& Engineering, Databricks Machine Learning, and Databricks SQL environments.},
	language = {en-US},
	urldate = {2024-05-08},
}

@misc{aws_glue,
	title = {Serverless-{Datenintegration} – {AWS} {Glue} – {Amazon} {Web} {Services}},
	url = {https://aws.amazon.com/de/glue/},
	abstract = {AWS Glue ist ein Serverless-Datenintegrationsservice, der das Erkennen, Aufbereiten, Integrieren und Modernisieren des Extract, Transform, Load (ETL) erleichtert.},
	language = {de-DE},
	urldate = {2024-05-08},
	journal = {Amazon Web Services, Inc.},
}

@misc{azure_data_factory,
	title = {Azure {Data} {Factory} {Documentation} - {Azure} {Data} {Factory}},
	url = {https://learn.microsoft.com/en-us/azure/data-factory/},
	abstract = {Learn how to use Data Factory, a cloud data integration service, to compose data storage, movement, and processing services into automated data pipelines. Tutorials and other documentation show you how to set up and manage data pipelines, and how to move and transform data for analysis.},
	language = {en-us},
	urldate = {2024-05-08},
	author = {{jonburchel}},
}
